%YAML 1.1
%TAG !u! tag:unity3d.com,2011:
--- !u!1 &140826371705976945
GameObject:
  m_ObjectHideFlags: 0
  m_CorrespondingSourceObject: {fileID: 0}
  m_PrefabInstance: {fileID: 0}
  m_PrefabAsset: {fileID: 0}
  serializedVersion: 6
  m_Component:
  - component: {fileID: 1997278624873720204}
  - component: {fileID: 1835094189171266510}
  - component: {fileID: 5390665573693229402}
  - component: {fileID: 3281237598491052880}
  - component: {fileID: -8885263398632092014}
  - component: {fileID: 8151075059040221576}
  m_Layer: 6
  m_Name: fly_prefab_3
  m_TagString: Player
  m_Icon: {fileID: 0}
  m_NavMeshLayer: 0
  m_StaticEditorFlags: 0
  m_IsActive: 1
--- !u!4 &1997278624873720204
Transform:
  m_ObjectHideFlags: 0
  m_CorrespondingSourceObject: {fileID: 0}
  m_PrefabInstance: {fileID: 0}
  m_PrefabAsset: {fileID: 0}
  m_GameObject: {fileID: 140826371705976945}
  m_LocalRotation: {x: 0, y: 0, z: 0, w: 1}
  m_LocalPosition: {x: 0, y: 0, z: 0}
  m_LocalScale: {x: 50, y: 50, z: 50}
  m_Children:
  - {fileID: 1093230140864847335}
  - {fileID: 2874247902256227405}
  m_Father: {fileID: 0}
  m_RootOrder: 0
  m_LocalEulerAnglesHint: {x: 0, y: 0, z: 0}
--- !u!54 &1835094189171266510
Rigidbody:
  m_ObjectHideFlags: 0
  m_CorrespondingSourceObject: {fileID: 0}
  m_PrefabInstance: {fileID: 0}
  m_PrefabAsset: {fileID: 0}
  m_GameObject: {fileID: 140826371705976945}
  serializedVersion: 2
  m_Mass: 1
  m_Drag: 0
  m_AngularDrag: 0.05
  m_UseGravity: 0
  m_IsKinematic: 0
  m_Interpolate: 0
  m_Constraints: 120
  m_CollisionDetection: 0
--- !u!114 &5390665573693229402
MonoBehaviour:
  m_ObjectHideFlags: 0
  m_CorrespondingSourceObject: {fileID: 0}
  m_PrefabInstance: {fileID: 0}
  m_PrefabAsset: {fileID: 0}
  m_GameObject: {fileID: 140826371705976945}
  m_Enabled: 1
  m_EditorHideFlags: 0
  m_Script: {fileID: 11500000, guid: 8e9f82de1ba7a5d4aa7eadab2a4f9d91, type: 3}
  m_Name: 
  m_EditorClassIdentifier: 
  point: {fileID: 104097194932294061, guid: 1dc844559f32b1f45824158e0292c2e7, type: 3}
  NBPoints: 7
  listePoints: []
  DistancePoint: 5
  source: {fileID: 8151075059040221576}
  pivot: {fileID: 1093230140864847335}
--- !u!114 &3281237598491052880
MonoBehaviour:
  m_ObjectHideFlags: 0
  m_CorrespondingSourceObject: {fileID: 0}
  m_PrefabInstance: {fileID: 0}
  m_PrefabAsset: {fileID: 0}
  m_GameObject: {fileID: 140826371705976945}
  m_Enabled: 1
  m_EditorHideFlags: 0
  m_Script: {fileID: 11500000, guid: cd01c16aafe80a641ae2e6ffd1dcb2b7, type: 3}
  m_Name: 
  m_EditorClassIdentifier: 
  myRigidBody: {fileID: 0}
  Pivot: {fileID: 315321972241172317}
  Mouth: {fileID: 1495605248190762493}
  control_Rotation: {fileID: 0}
  control_Acceleration: {fileID: 0}
  mainCamera: {fileID: 0}
  rotation_speed: 5
  velocity: 50
  maxVelocity: 50
  Frottement: 0.1
  isInJelly: 0
  eulerAngle: 0
  actual_velocity: 0
--- !u!81 &-8885263398632092014
AudioListener:
  m_ObjectHideFlags: 0
  m_CorrespondingSourceObject: {fileID: 0}
  m_PrefabInstance: {fileID: 0}
  m_PrefabAsset: {fileID: 0}
  m_GameObject: {fileID: 140826371705976945}
  m_Enabled: 1
--- !u!82 &8151075059040221576
AudioSource:
  m_ObjectHideFlags: 0
  m_CorrespondingSourceObject: {fileID: 0}
  m_PrefabInstance: {fileID: 0}
  m_PrefabAsset: {fileID: 0}
  m_GameObject: {fileID: 140826371705976945}
  m_Enabled: 1
  serializedVersion: 4
  OutputAudioMixerGroup: {fileID: 0}
  m_audioClip: {fileID: 8300000, guid: 8e1e1d4aa5c81bb4580dea1c2610c463, type: 3}
  m_PlayOnAwake: 0
  m_Volume: 0.05
  m_Pitch: 1.5
  Loop: 0
  Mute: 0
  Spatialize: 0
  SpatializePostEffects: 0
  Priority: 128
  DopplerLevel: 1
  MinDistance: 1
  MaxDistance: 500
  Pan2D: 0
  rolloffMode: 0
  BypassEffects: 0
  BypassListenerEffects: 0
  BypassReverbZones: 0
  rolloffCustomCurve:
    serializedVersion: 2
    m_Curve:
    - serializedVersion: 3
      time: 0
      value: 1
      inSlope: 0
      outSlope: 0
      tangentMode: 0
      weightedMode: 0
      inWeight: 0.33333334
      outWeight: 0.33333334
    - serializedVersion: 3
      time: 1
      value: 0
      inSlope: 0
      outSlope: 0
      tangentMode: 0
      weightedMode: 0
      inWeight: 0.33333334
      outWeight: 0.33333334
    m_PreInfinity: 2
    m_PostInfinity: 2
    m_RotationOrder: 4
  panLevelCustomCurve:
    serializedVersion: 2
    m_Curve:
    - serializedVersion: 3
      time: 0
      value: 0
      inSlope: 0
      outSlope: 0
      tangentMode: 0
      weightedMode: 0
      inWeight: 0.33333334
      outWeight: 0.33333334
    m_PreInfinity: 2
    m_PostInfinity: 2
    m_RotationOrder: 4
  spreadCustomCurve:
    serializedVersion: 2
    m_Curve:
    - serializedVersion: 3
      time: 0
      value: 0
      inSlope: 0
      outSlope: 0
      tangentMode: 0
      weightedMode: 0
      inWeight: 0.33333334
      outWeight: 0.33333334
    m_PreInfinity: 2
    m_PostInfinity: 2
    m_RotationOrder: 4
  reverbZoneMixCustomCurve:
    serializedVersion: 2
    m_Curve:
    - serializedVersion: 3
      time: 0
      value: 1
      inSlope: 0
      outSlope: 0
      tangentMode: 0
      weightedMode: 0
      inWeight: 0.33333334
      outWeight: 0.33333334
    m_PreInfinity: 2
    m_PostInfinity: 2
    m_RotationOrder: 4
--- !u!1 &8351411793266466675
GameObject:
  m_ObjectHideFlags: 0
  m_CorrespondingSourceObject: {fileID: 0}
  m_PrefabInstance: {fileID: 0}
  m_PrefabAsset: {fileID: 0}
  serializedVersion: 6
  m_Component:
  - component: {fileID: 2874247902256227405}
  - component: {fileID: 6497032043772723080}
  m_Layer: 6
  m_Name: Collider
  m_TagString: Untagged
  m_Icon: {fileID: 0}
  m_NavMeshLayer: 0
  m_StaticEditorFlags: 0
  m_IsActive: 1
--- !u!4 &2874247902256227405
Transform:
  m_ObjectHideFlags: 0
  m_CorrespondingSourceObject: {fileID: 0}
  m_PrefabInstance: {fileID: 0}
  m_PrefabAsset: {fileID: 0}
  m_GameObject: {fileID: 8351411793266466675}
  m_LocalRotation: {x: 0, y: 0, z: 0, w: 1}
  m_LocalPosition: {x: 0, y: 0, z: 0}
  m_LocalScale: {x: 1, y: 1, z: 1}
  m_Children: []
  m_Father: {fileID: 1997278624873720204}
  m_RootOrder: 1
  m_LocalEulerAnglesHint: {x: 0, y: 0, z: 0}
--- !u!135 &6497032043772723080
SphereCollider:
  m_ObjectHideFlags: 0
  m_CorrespondingSourceObject: {fileID: 0}
  m_PrefabInstance: {fileID: 0}
  m_PrefabAsset: {fileID: 0}
  m_GameObject: {fileID: 8351411793266466675}
  m_Material: {fileID: 0}
  m_IsTrigger: 0
  m_Enabled: 1
  serializedVersion: 2
  m_Radius: 0.07
  m_Center: {x: 0, y: 0, z: 0}
--- !u!1001 &621873297575033356
PrefabInstance:
  m_ObjectHideFlags: 0
  serializedVersion: 2
  m_Modification:
    m_TransformParent: {fileID: 1997278624873720204}
    m_Modifications:
    - target: {fileID: -8679921383154817045, guid: 19382e5db1031064e9567033b831f91e, type: 3}
      propertyPath: m_RootOrder
      value: 0
      objectReference: {fileID: 0}
    - target: {fileID: -8679921383154817045, guid: 19382e5db1031064e9567033b831f91e, type: 3}
      propertyPath: m_LocalPosition.x
      value: 0
      objectReference: {fileID: 0}
    - target: {fileID: -8679921383154817045, guid: 19382e5db1031064e9567033b831f91e, type: 3}
      propertyPath: m_LocalPosition.y
      value: 0
      objectReference: {fileID: 0}
    - target: {fileID: -8679921383154817045, guid: 19382e5db1031064e9567033b831f91e, type: 3}
      propertyPath: m_LocalPosition.z
      value: 0
      objectReference: {fileID: 0}
    - target: {fileID: -8679921383154817045, guid: 19382e5db1031064e9567033b831f91e, type: 3}
      propertyPath: m_LocalRotation.w
      value: 1
      objectReference: {fileID: 0}
    - target: {fileID: -8679921383154817045, guid: 19382e5db1031064e9567033b831f91e, type: 3}
      propertyPath: m_LocalRotation.x
      value: 0
      objectReference: {fileID: 0}
    - target: {fileID: -8679921383154817045, guid: 19382e5db1031064e9567033b831f91e, type: 3}
      propertyPath: m_LocalRotation.y
      value: 0
      objectReference: {fileID: 0}
    - target: {fileID: -8679921383154817045, guid: 19382e5db1031064e9567033b831f91e, type: 3}
      propertyPath: m_LocalRotation.z
      value: 0
      objectReference: {fileID: 0}
    - target: {fileID: -8679921383154817045, guid: 19382e5db1031064e9567033b831f91e, type: 3}
      propertyPath: m_LocalEulerAnglesHint.x
      value: 0
      objectReference: {fileID: 0}
    - target: {fileID: -8679921383154817045, guid: 19382e5db1031064e9567033b831f91e, type: 3}
      propertyPath: m_LocalEulerAnglesHint.y
      value: 0
      objectReference: {fileID: 0}
    - target: {fileID: -8679921383154817045, guid: 19382e5db1031064e9567033b831f91e, type: 3}
      propertyPath: m_LocalEulerAnglesHint.z
      value: 0
      objectReference: {fileID: 0}
    - target: {fileID: -8393173225915295228, guid: 19382e5db1031064e9567033b831f91e, type: 3}
      propertyPath: m_Layer
      value: 6
      objectReference: {fileID: 0}
    - target: {fileID: -5621272717199052917, guid: 19382e5db1031064e9567033b831f91e, type: 3}
      propertyPath: m_Layer
      value: 6
      objectReference: {fileID: 0}
    - target: {fileID: -4159600038849974920, guid: 19382e5db1031064e9567033b831f91e, type: 3}
      propertyPath: m_Layer
      value: 6
      objectReference: {fileID: 0}
    - target: {fileID: 919132149155446097, guid: 19382e5db1031064e9567033b831f91e, type: 3}
      propertyPath: m_Name
      value: Pivot
      objectReference: {fileID: 0}
    - target: {fileID: 919132149155446097, guid: 19382e5db1031064e9567033b831f91e, type: 3}
      propertyPath: m_Layer
      value: 6
      objectReference: {fileID: 0}
    - target: {fileID: 5837067875920177025, guid: 19382e5db1031064e9567033b831f91e, type: 3}
      propertyPath: m_Layer
      value: 6
      objectReference: {fileID: 0}
    m_RemovedComponents: []
  m_SourcePrefab: {fileID: 100100000, guid: 19382e5db1031064e9567033b831f91e, type: 3}
--- !u!1 &315321972241172317 stripped
GameObject:
  m_CorrespondingSourceObject: {fileID: 919132149155446097, guid: 19382e5db1031064e9567033b831f91e, type: 3}
  m_PrefabInstance: {fileID: 621873297575033356}
  m_PrefabAsset: {fileID: 0}
--- !u!4 &1093230140864847335 stripped
Transform:
  m_CorrespondingSourceObject: {fileID: -8679921383154817045, guid: 19382e5db1031064e9567033b831f91e, type: 3}
  m_PrefabInstance: {fileID: 621873297575033356}
  m_PrefabAsset: {fileID: 0}
--- !u!4 &1495605248190762493 stripped
Transform:
  m_CorrespondingSourceObject: {fileID: 2044673214966953969, guid: 19382e5db1031064e9567033b831f91e, type: 3}
  m_PrefabInstance: {fileID: 621873297575033356}
  m_PrefabAsset: {fileID: 0}
